%YAML 1.1
%TAG !u! tag:unity3d.com,2011:
--- !u!1 &1502903124918342220
GameObject:
  m_ObjectHideFlags: 0
  m_CorrespondingSourceObject: {fileID: 0}
  m_PrefabInstance: {fileID: 0}
  m_PrefabAsset: {fileID: 0}
  serializedVersion: 6
  m_Component:
  - component: {fileID: 2274514355802687734}
  - component: {fileID: 2900152495356135251}
  - component: {fileID: 1142680781521073049}
  - component: {fileID: 4835786696383784994}
  m_Layer: 0
  m_Name: FireBullet
  m_TagString: Untagged
  m_Icon: {fileID: 0}
  m_NavMeshLayer: 0
  m_StaticEditorFlags: 0
  m_IsActive: 1
--- !u!4 &2274514355802687734
Transform:
  m_ObjectHideFlags: 0
  m_CorrespondingSourceObject: {fileID: 0}
  m_PrefabInstance: {fileID: 0}
  m_PrefabAsset: {fileID: 0}
  m_GameObject: {fileID: 1502903124918342220}
  serializedVersion: 2
  m_LocalRotation: {x: -0.7071068, y: 0, z: -0, w: 0.7071067}
  m_LocalPosition: {x: -0, y: 0, z: 0}
  m_LocalScale: {x: 40, y: 40, z: 40}
  m_ConstrainProportionsScale: 0
  m_Children: []
  m_Father: {fileID: 4175947440078947708}
  m_LocalEulerAnglesHint: {x: 0, y: 0, z: 0}
--- !u!33 &2900152495356135251
MeshFilter:
  m_ObjectHideFlags: 0
  m_CorrespondingSourceObject: {fileID: 0}
  m_PrefabInstance: {fileID: 0}
  m_PrefabAsset: {fileID: 0}
  m_GameObject: {fileID: 1502903124918342220}
  m_Mesh: {fileID: -5495902117074765545, guid: 50e4f6ce39f88f04cb9a11ef9cf92c4c, type: 3}
--- !u!23 &1142680781521073049
MeshRenderer:
  m_ObjectHideFlags: 0
  m_CorrespondingSourceObject: {fileID: 0}
  m_PrefabInstance: {fileID: 0}
  m_PrefabAsset: {fileID: 0}
  m_GameObject: {fileID: 1502903124918342220}
  m_Enabled: 1
  m_CastShadows: 1
  m_ReceiveShadows: 1
  m_DynamicOccludee: 1
  m_StaticShadowCaster: 0
  m_MotionVectors: 1
  m_LightProbeUsage: 1
  m_ReflectionProbeUsage: 1
  m_RayTracingMode: 2
  m_RayTraceProcedural: 0
  m_RenderingLayerMask: 1
  m_RendererPriority: 0
  m_Materials:
  - {fileID: 2100000, guid: f7b0ebc40adec4b46b6cd650a0da8c40, type: 2}
  m_StaticBatchInfo:
    firstSubMesh: 0
    subMeshCount: 0
  m_StaticBatchRoot: {fileID: 0}
  m_ProbeAnchor: {fileID: 0}
  m_LightProbeVolumeOverride: {fileID: 0}
  m_ScaleInLightmap: 1
  m_ReceiveGI: 1
  m_PreserveUVs: 0
  m_IgnoreNormalsForChartDetection: 0
  m_ImportantGI: 0
  m_StitchLightmapSeams: 1
  m_SelectedEditorRenderState: 3
  m_MinimumChartSize: 4
  m_AutoUVMaxDistance: 0.5
  m_AutoUVMaxAngle: 89
  m_LightmapParameters: {fileID: 0}
  m_SortingLayerID: 0
  m_SortingLayer: 0
  m_SortingOrder: 0
  m_AdditionalVertexStreams: {fileID: 0}
--- !u!135 &4835786696383784994
SphereCollider:
  m_ObjectHideFlags: 0
  m_CorrespondingSourceObject: {fileID: 0}
  m_PrefabInstance: {fileID: 0}
  m_PrefabAsset: {fileID: 0}
  m_GameObject: {fileID: 1502903124918342220}
  m_Material: {fileID: 0}
  m_IncludeLayers:
    serializedVersion: 2
    m_Bits: 0
  m_ExcludeLayers:
    serializedVersion: 2
    m_Bits: 0
  m_LayerOverridePriority: 0
  m_IsTrigger: 0
  m_ProvidesContacts: 0
  m_Enabled: 1
  serializedVersion: 3
  m_Radius: 0.008395063
  m_Center: {x: 0, y: 0, z: 0}
--- !u!1 &7103737200557821207
GameObject:
  m_ObjectHideFlags: 0
  m_CorrespondingSourceObject: {fileID: 0}
  m_PrefabInstance: {fileID: 0}
  m_PrefabAsset: {fileID: 0}
  serializedVersion: 6
  m_Component:
  - component: {fileID: 4175947440078947708}
  - component: {fileID: 8293405920822485375}
  - component: {fileID: 1799423426171467613}
  m_Layer: 0
  m_Name: fireBullet
  m_TagString: Untagged
  m_Icon: {fileID: 0}
  m_NavMeshLayer: 0
  m_StaticEditorFlags: 0
  m_IsActive: 1
--- !u!4 &4175947440078947708
Transform:
  m_ObjectHideFlags: 0
  m_CorrespondingSourceObject: {fileID: 0}
  m_PrefabInstance: {fileID: 0}
  m_PrefabAsset: {fileID: 0}
  m_GameObject: {fileID: 7103737200557821207}
  serializedVersion: 2
  m_LocalRotation: {x: 0, y: 0, z: 0, w: 1}
  m_LocalPosition: {x: 0, y: 0.069, z: 0}
  m_LocalScale: {x: 1, y: 1, z: 1}
  m_ConstrainProportionsScale: 0
  m_Children:
  - {fileID: 2274514355802687734}
  - {fileID: 4156802737755220603}
  m_Father: {fileID: 0}
  m_LocalEulerAnglesHint: {x: 0, y: 0, z: 0}
--- !u!54 &8293405920822485375
Rigidbody:
  m_ObjectHideFlags: 0
  m_CorrespondingSourceObject: {fileID: 0}
  m_PrefabInstance: {fileID: 0}
  m_PrefabAsset: {fileID: 0}
  m_GameObject: {fileID: 7103737200557821207}
  serializedVersion: 4
  m_Mass: 0.5
  m_Drag: 0
  m_AngularDrag: 0.05
  m_CenterOfMass: {x: 0, y: 0, z: 0}
  m_InertiaTensor: {x: 1, y: 1, z: 1}
  m_InertiaRotation: {x: 0, y: 0, z: 0, w: 1}
  m_IncludeLayers:
    serializedVersion: 2
    m_Bits: 0
  m_ExcludeLayers:
    serializedVersion: 2
    m_Bits: 0
  m_ImplicitCom: 1
  m_ImplicitTensor: 1
  m_UseGravity: 1
  m_IsKinematic: 0
  m_Interpolate: 2
  m_Constraints: 0
  m_CollisionDetection: 2
--- !u!114 &1799423426171467613
MonoBehaviour:
  m_ObjectHideFlags: 0
  m_CorrespondingSourceObject: {fileID: 0}
  m_PrefabInstance: {fileID: 0}
  m_PrefabAsset: {fileID: 0}
  m_GameObject: {fileID: 7103737200557821207}
  m_Enabled: 1
  m_EditorHideFlags: 0
  m_Script: {fileID: 11500000, guid: 3f78d4e20e984a34cb2e6c5d80bfe52d, type: 3}
  m_Name: 
  m_EditorClassIdentifier: 
--- !u!1 &7746986173947928022
GameObject:
  m_ObjectHideFlags: 0
  m_CorrespondingSourceObject: {fileID: 0}
  m_PrefabInstance: {fileID: 0}
  m_PrefabAsset: {fileID: 0}
  serializedVersion: 6
  m_Component:
  - component: {fileID: 4156802737755220603}
  m_Layer: 0
  m_Name: Particle
  m_TagString: Untagged
  m_Icon: {fileID: 0}
  m_NavMeshLayer: 0
  m_StaticEditorFlags: 0
  m_IsActive: 1
--- !u!4 &4156802737755220603
Transform:
  m_ObjectHideFlags: 0
  m_CorrespondingSourceObject: {fileID: 0}
  m_PrefabInstance: {fileID: 0}
  m_PrefabAsset: {fileID: 0}
  m_GameObject: {fileID: 7746986173947928022}
  serializedVersion: 2
  m_LocalRotation: {x: 0, y: 0, z: 0, w: 1}
  m_LocalPosition: {x: 0, y: 0, z: 0}
  m_LocalScale: {x: 1, y: 1, z: 1}
  m_ConstrainProportionsScale: 0
  m_Children:
  - {fileID: 7811572132873729960}
  m_Father: {fileID: 4175947440078947708}
  m_LocalEulerAnglesHint: {x: 0, y: 0, z: 0}
--- !u!1001 &7811572132873334048
PrefabInstance:
  m_ObjectHideFlags: 0
  serializedVersion: 2
  m_Modification:
    serializedVersion: 3
    m_TransformParent: {fileID: 4156802737755220603}
    m_Modifications:
    - target: {fileID: 100008, guid: e8ee802c71045d5478061ad7452d3b65, type: 3}
      propertyPath: m_Name
      value: FlameEmission
      objectReference: {fileID: 0}
    - target: {fileID: 400008, guid: e8ee802c71045d5478061ad7452d3b65, type: 3}
      propertyPath: m_LocalScale.x
      value: 0.01
      objectReference: {fileID: 0}
    - target: {fileID: 400008, guid: e8ee802c71045d5478061ad7452d3b65, type: 3}
      propertyPath: m_LocalScale.y
      value: 0.01
      objectReference: {fileID: 0}
    - target: {fileID: 400008, guid: e8ee802c71045d5478061ad7452d3b65, type: 3}
      propertyPath: m_LocalScale.z
      value: 0.01
      objectReference: {fileID: 0}
    - target: {fileID: 400008, guid: e8ee802c71045d5478061ad7452d3b65, type: 3}
      propertyPath: m_LocalPosition.x
      value: 0
      objectReference: {fileID: 0}
    - target: {fileID: 400008, guid: e8ee802c71045d5478061ad7452d3b65, type: 3}
      propertyPath: m_LocalPosition.y
      value: 0
      objectReference: {fileID: 0}
    - target: {fileID: 400008, guid: e8ee802c71045d5478061ad7452d3b65, type: 3}
      propertyPath: m_LocalPosition.z
      value: 0
      objectReference: {fileID: 0}
    - target: {fileID: 400008, guid: e8ee802c71045d5478061ad7452d3b65, type: 3}
      propertyPath: m_LocalRotation.w
      value: 1
      objectReference: {fileID: 0}
    - target: {fileID: 400008, guid: e8ee802c71045d5478061ad7452d3b65, type: 3}
      propertyPath: m_LocalRotation.x
      value: -0
      objectReference: {fileID: 0}
    - target: {fileID: 400008, guid: e8ee802c71045d5478061ad7452d3b65, type: 3}
      propertyPath: m_LocalRotation.y
      value: -0
      objectReference: {fileID: 0}
    - target: {fileID: 400008, guid: e8ee802c71045d5478061ad7452d3b65, type: 3}
      propertyPath: m_LocalRotation.z
      value: -0
      objectReference: {fileID: 0}
    - target: {fileID: 400008, guid: e8ee802c71045d5478061ad7452d3b65, type: 3}
      propertyPath: m_LocalEulerAnglesHint.x
      value: 0
      objectReference: {fileID: 0}
    - target: {fileID: 400008, guid: e8ee802c71045d5478061ad7452d3b65, type: 3}
      propertyPath: m_LocalEulerAnglesHint.y
      value: 0
      objectReference: {fileID: 0}
    - target: {fileID: 400008, guid: e8ee802c71045d5478061ad7452d3b65, type: 3}
      propertyPath: m_LocalEulerAnglesHint.z
      value: 0
      objectReference: {fileID: 0}
    - target: {fileID: 10800000, guid: e8ee802c71045d5478061ad7452d3b65, type: 3}
      propertyPath: m_Range
      value: 10
      objectReference: {fileID: 0}
    - target: {fileID: 19800000, guid: e8ee802c71045d5478061ad7452d3b65, type: 3}
      propertyPath: scalingMode
      value: 0
      objectReference: {fileID: 0}
    - target: {fileID: 19800002, guid: e8ee802c71045d5478061ad7452d3b65, type: 3}
      propertyPath: scalingMode
      value: 0
      objectReference: {fileID: 0}
    - target: {fileID: 19800002, guid: e8ee802c71045d5478061ad7452d3b65, type: 3}
      propertyPath: startDelay.scalar
      value: 0
      objectReference: {fileID: 0}
    - target: {fileID: 19800004, guid: e8ee802c71045d5478061ad7452d3b65, type: 3}
      propertyPath: scalingMode
      value: 0
      objectReference: {fileID: 0}
    - target: {fileID: 19800004, guid: e8ee802c71045d5478061ad7452d3b65, type: 3}
      propertyPath: InitialModule.startRotationX.minMaxState
      value: 3
      objectReference: {fileID: 0}
    - target: {fileID: 19800004, guid: e8ee802c71045d5478061ad7452d3b65, type: 3}
      propertyPath: InitialModule.startRotationY.minMaxState
      value: 3
      objectReference: {fileID: 0}
    - target: {fileID: 19800006, guid: e8ee802c71045d5478061ad7452d3b65, type: 3}
      propertyPath: scalingMode
      value: 0
      objectReference: {fileID: 0}
    - target: {fileID: 19900000, guid: e8ee802c71045d5478061ad7452d3b65, type: 3}
      propertyPath: m_Materials.Array.size
      value: 1
      objectReference: {fileID: 0}
    - target: {fileID: 19900002, guid: e8ee802c71045d5478061ad7452d3b65, type: 3}
      propertyPath: m_Materials.Array.size
      value: 1
      objectReference: {fileID: 0}
    - target: {fileID: 19900004, guid: e8ee802c71045d5478061ad7452d3b65, type: 3}
      propertyPath: m_Materials.Array.size
      value: 1
      objectReference: {fileID: 0}
    - target: {fileID: 19900006, guid: e8ee802c71045d5478061ad7452d3b65, type: 3}
      propertyPath: m_Materials.Array.size
      value: 1
      objectReference: {fileID: 0}
    m_RemovedComponents:
    - {fileID: 114000011522586666, guid: e8ee802c71045d5478061ad7452d3b65, type: 3}
    - {fileID: 11400002, guid: e8ee802c71045d5478061ad7452d3b65, type: 3}
    m_RemovedGameObjects: []
    m_AddedGameObjects: []
    m_AddedComponents: []
  m_SourcePrefab: {fileID: 100100000, guid: e8ee802c71045d5478061ad7452d3b65, type: 3}
--- !u!4 &7811572132873729960 stripped
Transform:
  m_CorrespondingSourceObject: {fileID: 400008, guid: e8ee802c71045d5478061ad7452d3b65, type: 3}
  m_PrefabInstance: {fileID: 7811572132873334048}
  m_PrefabAsset: {fileID: 0}
